
@article{langewiesche,
 author = {Langewiesche, William},
 title = {The Lessons of ValueJet 592},
 journal = {The Atlantic Monthly},
 issue_date = {March 1998},
 volume = {281},
 number = {3},
 month = mar,
 year = {1998},
 pages = {81--97},
 numpages = {16},
 url = {http://www.theatlantic.com/magazine/archive/1998/03/the-lessons-of-valujet-592/306534/?single_page=true},
 publisher = {The Atlantic Monthly Company},
 address = {Washington, DC, USA},
}

@misc{motivationvideo,
 author={Pink, Dan},
 title={RSA Animate - Drive: The surprising truth about what motivates us},
 year={2010},
 howpublished={\url{http://www.youtube.com/watch?v=u6XAPnuFjJc}},
}
