
@article{blackwell,
 author = {Langewiesche, William},
 title = {The Lessons of ValueJet 592},
 journal = {The Atlantic Monthly},
 issue_date = {March 1998},
 volume = {281},
 number = {3},
 month = mar,
 year = {1998},
 pages = {81--97},
 numpages = {16},
 url = {http://www.theatlantic.com/magazine/archive/1998/03/the-lessons-of-valujet-592/306534/?single_page=true},
 publisher = {The Atlantic Monthly Company},
 address = {Washington, DC, USA},
}

@misc{motivationvideo,
 author={Pink, Dan},
 title={Parenting by iPad; Godsend or iBribery?},
 year={2011},
 howpublished={\url{http://cdn-static.zdnet.com/i/story/60/19/011594/child-with-ipad-ogrady.jpg}},
}
